@article{Rijnen1,
  author={M W L M Rijnen and A Saccon and H Nijmeijer},
  journal={IEEE Transactions on Control Systems Technology}, 
  title={Reference Spreading: Tracking Performance for Impact Trajectories of a 1DoF Setup}, 
  year={2020},
  volume={28},
  number={3},
  pages={1124-1131},
  doi={10.1109/TCST.2019.2898953}}

@article{Rijnen2,
  author={M W L M Rijnen and J J B Biemond and N van de Wouw and A Saccon and H Nijmeijer},
  journal={IEEE Transactions on Automatic Control}, 
  title={Hybrid Systems With State-Triggered Jumps: Sensitivity-Based Stability Analysis With Application to Trajectory Tracking}, 
  year={2020},
  volume={65},
  number={11},
  pages={4568-4583},
  doi={10.1109/TAC.2019.2961996}}









